@book{Knuth:1984,
  title={The {\TeX}book},
  author={Knuth, D.E.},
  isbn={9780201134483},
  lccn={85030845},
  series={Computers \& typesetting},
  year={1984},
  publisher={Addison-Wesley Publishing Company}
}

@article{DBLP:journals/ijcv/Hartley99,
  author    = {Richard I. Hartley},
  title     = {Theory and Practice of Projective Rectification},
  journal   = {Int. J. Comput. Vis.},
  volume    = {35},
  number    = {2},
  pages     = {115--127},
  year      = {1999}
}

@article{Mallon2005ProjectiveRF,
  title={Projective rectification from the fundamental matrix},
  author={John Mallon and Paul F. Whelan},
  journal={Image Vis. Comput.},
  year={2005},
  volume={23},
  pages={643-650}
}